
@book{dafermos2010hyperbolic,
  title={Hyperbolic Conservation Laws in Continuum Physics},
  author={Dafermos, Constantine M},
  year={2010},
  publisher={Springer-Verlag},
  address={Berlin Heidelberg},
  doi={10.1007/978-3-642-04048-1}
}

@article{besse2022perfectly,
  title={Perfectly Matched Layers Methods for Mixed Hyperbolic-Dispersive Equations},
  author={Besse, Christophe and Gavrilyuk, Sergey and Kazakova, Maria and Noble, Pascal},
  journal={Water Waves},
  volume={4},
  number={3},
  pages={313--343},
  year={2022},
  publisher={Springer},
  doi={10.1007/s42286-022-00069-1}
}

@online{giesselmann2025convergence,
  title={Convergence of hyperbolic approximations to higher-order {PDEs} for
         smooth solutions},
  author={Giesselmann, Jan and Ranocha, Hendrik},
  year={2025},
  month={08},
  eprint={2508.04112},
  eprinttype={arxiv},
  eprintclass={math.NA}
}
